<?xml version="1.0" encoding="UTF-8"?>

                <record xmlns="http://www.loc.gov/MARC21/slim">
                    <leader>00000nam a2200000zcb4500</leader>
                    <controlfield tag="001">990005980940203331</controlfield>
                    <controlfield tag="003">AT-OBV</controlfield>
                    <controlfield tag="005">20180216000200.0</controlfield>
                    <controlfield tag="007">tu</controlfield>
                    <controlfield tag="008">961021|1996####au############|||#|#ger#u</controlfield>
                    <controlfield tag="009">AC01682489</controlfield>
                    <datafield tag="015" ind1=" " ind2=" ">
                        <subfield code="a">96,N36,1203</subfield>
                        <subfield code="2">dnb</subfield>
                    </datafield>
                    <datafield tag="020" ind1=" " ind2=" ">
                        <subfield code="a">3205985702</subfield>
                        <subfield code="c">kart. : 686,- ; DM 98,. ; sfr 89,-</subfield>
                    </datafield>
                    <datafield tag="035" ind1=" " ind2=" ">
                        <subfield code="a">AC01682489</subfield>
                    </datafield>
                    <datafield tag="035" ind1=" " ind2=" ">
                        <subfield code="a">(AT-OBV)AC01682489</subfield>
                    </datafield>
                    <datafield tag="035" ind1=" " ind2=" ">
                        <subfield code="a">(Aleph)000598094ACC01</subfield>
                    </datafield>
                    <datafield tag="035" ind1=" " ind2=" ">
                        <subfield code="a">(DE-599)OBVAC01682489</subfield>
                    </datafield>
                    <datafield tag="040" ind1=" " ind2=" ">
                        <subfield code="a">UBS</subfield>
                        <subfield code="b">ger</subfield>
                        <subfield code="d">BMA</subfield>
                        <subfield code="e">rakwb</subfield>
                    </datafield>
                    <datafield tag="041" ind1=" " ind2=" ">
                        <subfield code="a">ger</subfield>
                    </datafield>
                    <datafield tag="044" ind1=" " ind2=" ">
                        <subfield code="c">XA-AT</subfield>
                    </datafield>
                    <datafield tag="084" ind1=" " ind2=" ">
                        <subfield code="a">15.60</subfield>
                        <subfield code="2">bkl</subfield>
                        <subfield code="9">O: Automatisch aus GBV_2011-10 2012-05-27</subfield>
                    </datafield>
                    <datafield tag="084" ind1=" " ind2=" ">
                        <subfield code="a">NP 5906</subfield>
                        <subfield code="2">rvk</subfield>
                        <subfield code="9">O: Automatisch aus BVB_2013-06 2013-04-15</subfield>
                    </datafield>
                    <datafield tag="100" ind1="1" ind2=" ">
                        <subfield code="a">Pantenburg, Isabel Friederike</subfield>
                        <subfield code="d">1962-</subfield>
                        <subfield code="0">(DE-588)114414386</subfield>
                        <subfield code="4">aut</subfield>
                    </datafield>
                    <datafield tag="245" ind1="0" ind2="0">
                        <subfield code="a">Im Schatten des Zweibundes</subfield>
                        <subfield code="b">Probleme österreichisch-ungarischer Bündnispolitik ; 1897 - 1908</subfield>
                        <subfield code="c">Isabel F. Pantenburg</subfield>
                    </datafield>
                    <datafield tag="264" ind1=" " ind2="1">
                        <subfield code="a">Wien [u.a.]</subfield>
                        <subfield code="b">Böhlau</subfield>
                        <subfield code="c">1996</subfield>
                    </datafield>
                    <datafield tag="300" ind1=" " ind2=" ">
                        <subfield code="a">507 S.</subfield>
                        <subfield code="c">24 cm</subfield>
                    </datafield>
                    <datafield tag="490" ind1="1" ind2=" ">
                        <subfield code="a">Veröffentlichungen der Kommission für Neuere Geschichte Österreichs</subfield>
                        <subfield code="v">86</subfield>
                    </datafield>
                    <datafield tag="500" ind1=" " ind2=" ">
                        <subfield code="a">Literaturverz. S. [483] - 502</subfield>
                    </datafield>
                    <datafield tag="650" ind1=" " ind2="0">
                        <subfield code="a">Austria</subfield>
                        <subfield code="a">Foreign relations</subfield>
                        <subfield code="a">1867-1918</subfield>
                        <subfield code="z">Automatisch aus GBV_2011-10 2012-05-27</subfield>
                    </datafield>
                    <datafield tag="689" ind1="0" ind2="0">
                        <subfield code="a">Zweibund</subfield>
                        <subfield code="g">1879</subfield>
                        <subfield code="D">s</subfield>
                        <subfield code="0">(DE-588)4191216-0</subfield>
                    </datafield>
                    <datafield tag="689" ind1="0" ind2=" ">
                        <subfield code="5">AT-OBV</subfield>
                        <subfield code="5">UBK</subfield>
                    </datafield>
                    <datafield tag="689" ind1="1" ind2="0">
                        <subfield code="a">Österreich-Ungarn</subfield>
                        <subfield code="D">g</subfield>
                        <subfield code="0">(DE-588)4075613-0</subfield>
                    </datafield>
                    <datafield tag="689" ind1="1" ind2="1">
                        <subfield code="a">Bündnispolitik</subfield>
                        <subfield code="D">s</subfield>
                        <subfield code="0">(DE-588)4128860-9</subfield>
                    </datafield>
                    <datafield tag="689" ind1="1" ind2="2">
                        <subfield code="a">Deutschland</subfield>
                        <subfield code="D">g</subfield>
                        <subfield code="0">(DE-588)4011882-4</subfield>
                    </datafield>
                    <datafield tag="689" ind1="1" ind2="3">
                        <subfield code="a">Geschichte 1879-1908</subfield>
                        <subfield code="A">z</subfield>
                    </datafield>
                    <datafield tag="689" ind1="1" ind2=" ">
                        <subfield code="5">AT-OBV</subfield>
                        <subfield code="5">UBK</subfield>
                    </datafield>
                    <datafield tag="689" ind1="2" ind2="0">
                        <subfield code="a">Österreich-Ungarn</subfield>
                        <subfield code="D">g</subfield>
                        <subfield code="0">(DE-588)4075613-0</subfield>
                    </datafield>
                    <datafield tag="689" ind1="2" ind2="1">
                        <subfield code="a">Außenpolitik</subfield>
                        <subfield code="D">s</subfield>
                        <subfield code="0">(DE-588)4003846-4</subfield>
                    </datafield>
                    <datafield tag="689" ind1="2" ind2="2">
                        <subfield code="a">Geschichte 1879-1908</subfield>
                        <subfield code="A">z</subfield>
                    </datafield>
                    <datafield tag="689" ind1="2" ind2=" ">
                        <subfield code="5">AT-OBV</subfield>
                        <subfield code="5">UBK</subfield>
                    </datafield>
                    <datafield tag="830" ind1=" " ind2="0">
                        <subfield code="w">(AT-OBV)AC00112585</subfield>
                        <subfield code="v">86</subfield>
                        <subfield code="9">O:1</subfield>
                    </datafield>
                    <datafield tag="852" ind1="0" ind2="1">
                        <subfield code="a">43ACC_UBS</subfield>
                        <subfield code="6">990001450230203341</subfield>
                        <subfield code="9">P</subfield>
                    </datafield>
                    <datafield tag="852" ind1="0" ind2="1">
                        <subfield code="a">43ACC_WIENB</subfield>
                        <subfield code="6">9910623133304516</subfield>
                        <subfield code="9">P</subfield>
                    </datafield>
                    <datafield tag="852" ind1="0" ind2="1">
                        <subfield code="a">43ACC_UBW</subfield>
                        <subfield code="6">990001413210203332</subfield>
                        <subfield code="9">P</subfield>
                    </datafield>
                    <datafield tag="852" ind1="0" ind2="1">
                        <subfield code="a">43ACC_OEAW</subfield>
                        <subfield code="6">990000878820504498</subfield>
                        <subfield code="9">P</subfield>
                    </datafield>
                    <datafield tag="852" ind1="0" ind2="1">
                        <subfield code="a">43ACC_UBK</subfield>
                        <subfield code="6">990000472790203346</subfield>
                        <subfield code="9">P</subfield>
                    </datafield>
                    <datafield tag="852" ind1="0" ind2="1">
                        <subfield code="a">43ACC_UBL</subfield>
                        <subfield code="6">990000485880103340</subfield>
                        <subfield code="9">P</subfield>
                    </datafield>
                    <datafield tag="852" ind1="0" ind2="1">
                        <subfield code="a">43ACC_ONB</subfield>
                        <subfield code="6">990000573460603338</subfield>
                        <subfield code="9">P</subfield>
                    </datafield>
                    <datafield tag="852" ind1="0" ind2="1">
                        <subfield code="a">43ACC_BRIDGE_PAR</subfield>
                        <subfield code="6">9913805404485</subfield>
                        <subfield code="9">P</subfield>
                    </datafield>
                    <datafield tag="852" ind1="0" ind2="1">
                        <subfield code="a">43ACC_BMA</subfield>
                        <subfield code="6">990005015900304534</subfield>
                        <subfield code="9">P</subfield>
                    </datafield>
                    <datafield tag="852" ind1="0" ind2="1">
                        <subfield code="a">43ACC_UBG</subfield>
                        <subfield code="6">990000950660203339</subfield>
                        <subfield code="9">P</subfield>
                    </datafield>
                    <datafield tag="852" ind1="0" ind2="1">
                        <subfield code="a">43ACC_UBI</subfield>
                        <subfield code="6">990001534410103333</subfield>
                        <subfield code="9">P</subfield>
                    </datafield>
                    <datafield tag="852" ind1="0" ind2="1">
                        <subfield code="a">43ACC_AKW</subfield>
                        <subfield code="6">990002273620203343</subfield>
                        <subfield code="9">P</subfield>
                    </datafield>
                    <datafield tag="852" ind1="0" ind2="1">
                        <subfield code="a">43ACC_OOELB</subfield>
                        <subfield code="6">990002927180304508</subfield>
                        <subfield code="9">P</subfield>
                    </datafield>
                    <datafield tag="974" ind1="0" ind2="s">
                        <subfield code="F">030</subfield>
                        <subfield code="A">z|1dcr|||||17</subfield>
                    </datafield>
                    <datafield tag="974" ind1="0" ind2="s">
                        <subfield code="F">050</subfield>
                        <subfield code="A">a|a|||||||||||</subfield>
                    </datafield>
                    <datafield tag="974" ind1="0" ind2="s">
                        <subfield code="F">051</subfield>
                        <subfield code="A">s||||||</subfield>
                    </datafield>
                    <datafield tag="974" ind1="0" ind2="u">
                        <subfield code="V">908</subfield>
                        <subfield code="a">2134</subfield>
                        <subfield code="a">3214</subfield>
                    </datafield>
                    <datafield tag="974" ind1="0" ind2="u">
                        <subfield code="V">913</subfield>
                        <subfield code="a">213</subfield>
                    </datafield>
                </record>

